@book{Pierce2002,
 author = {Pierce, Benjamin C.},
 title = {Types and Programming Languages},
 year = {2002},
 isbn = {0262162091, 9780262162098},
 edition = {1st},
 publisher = {The MIT Press},
} 

@inproceedings{Salay2014,
 author = {Salay, Rick and Famelis, Michalis and Rubin, Julia and Di Sandro, Alessio and Chechik, Marsha},
 title = {Lifting Model Transformations to Product Lines},
 booktitle = {Proceedings of the 36th International Conference on Software Engineering},
 series = {ICSE 2014},
 year = {2014},
 isbn = {978-1-4503-2756-5},
 location = {Hyderabad, India},
 pages = {117--128},
 numpages = {12},
 url = {http://doi.acm.org/10.1145/2568225.2568267},
 doi = {10.1145/2568225.2568267},
 acmid = {2568267},
 publisher = {ACM},
 address = {New York, NY, USA},
 keywords = {Model Driven Engineering, Model Transformations, Software Product Lines},
} 

@inproceedings{Classen:2010:MCL:1806799.1806850,
 author = {Classen, Andreas and Heymans, Patrick and Schobbens, Pierre-Yves and Legay, Axel and Raskin, Jean-Fran\c{c}ois},
 title = {Model Checking Lots of Systems: Efficient Verification of Temporal Properties in Software Product Lines},
 booktitle = {Proceedings of the 32Nd ACM/IEEE International Conference on Software Engineering - Volume 1},
 series = {ICSE '10},
 year = {2010},
 isbn = {978-1-60558-719-6},
 location = {Cape Town, South Africa},
 pages = {335--344},
 numpages = {10},
 url = {http://doi.acm.org/10.1145/1806799.1806850},
 doi = {10.1145/1806799.1806850},
 acmid = {1806850},
 publisher = {ACM},
 address = {New York, NY, USA},
 keywords = {features, software product lines, specification},
} 

