@inproceedings{Apel:2013,
 author = {Apel, Sven and Rhein, Alexander von and Wendler, Philipp and Gr{\"o}{\ss}linger, Armin and Beyer, Dirk},
 title = {Strategies for Product-line Verification: Case Studies and Experiments},
 booktitle = {Proceedings of the 2013 International Conference on Software Engineering},
 series = {ICSE '13},
 year = {2013},
 isbn = {978-1-4673-3076-3},
 location = {San Francisco, CA, USA},
 pages = {482--491},
 numpages = {10},
 url = {http://dl.acm.org/citation.cfm?id=2486788.2486852},
 acmid = {2486852},
 publisher = {IEEE Press},
 address = {Piscataway, NJ, USA},
} 

@book{Bertot:2010,
 author = {Bertot, Yves and Castran, Pierre},
 title = {Interactive Theorem Proving and Program Development: Coq'Art The Calculus of Inductive Constructions},
 year = {2010},
 isbn = {3642058809, 9783642058806},
 edition = {1st},
 publisher = {Springer Publishing Company, Incorporated},
} 

@inproceedings{Bodden:2013,
 author = {Bodden, Eric and Tol\^{e}do, T\'{a}rsis and Ribeiro, M\'{a}rcio and Brabrand, Claus and Borba, Paulo and Mezini, Mira},
 title = {SPLLIFT: Statically Analyzing Software Product Lines in Minutes Instead of Years},
 booktitle = {Proceedings of the 34th ACM SIGPLAN Conference on Programming Language Design and Implementation},
 series = {PLDI '13},
 year = {2013},
 isbn = {978-1-4503-2014-6},
 location = {Seattle, Washington, USA},
 pages = {355--364},
 numpages = {10},
 url = {http://doi.acm.org/10.1145/2491956.2491976},
 doi = {10.1145/2491956.2491976},
 acmid = {2491976},
 publisher = {ACM},
 address = {New York, NY, USA},
 keywords = {context sensitive, flow sensitive, inter-procedural static analysis, software product lines},
} 

@inproceedings{Classen:2010,
 author = {Classen, Andreas and Heymans, Patrick and Schobbens, Pierre-Yves and Legay, Axel and Raskin, Jean-Fran\c{c}ois},
 title = {Model Checking Lots of Systems: Efficient Verification of Temporal Properties in Software Product Lines},
 booktitle = {Proceedings of the 32Nd ACM/IEEE International Conference on Software Engineering - Volume 1},
 series = {ICSE '10},
 year = {2010},
 isbn = {978-1-60558-719-6},
 location = {Cape Town, South Africa},
 pages = {335--344},
 numpages = {10},
 url = {http://doi.acm.org/10.1145/1806799.1806850},
 doi = {10.1145/1806799.1806850},
 acmid = {1806850},
 publisher = {ACM},
 address = {New York, NY, USA},
 keywords = {features, software product lines, specification},
} 

@article{Classen:2013,
 author = {Classen, Andreas and Cordy, Maxime and Schobbens, Pierre-Yves and Heymans, Patrick and Legay, Axel and Raskin, Jean-Francois},
 title = {Featured Transition Systems: Foundations for Verifying Variability-Intensive Systems and Their Application to LTL Model Checking},
 journal = {IEEE Trans. Softw. Eng.},
 issue_date = {August 2013},
 volume = {39},
 number = {8},
 month = aug,
 year = {2013},
 issn = {0098-5589},
 pages = {1069--1089},
 numpages = {21},
 url = {http://dx.doi.org/10.1109/TSE.2012.86},
 doi = {10.1109/TSE.2012.86},
 acmid = {2516486},
 publisher = {IEEE Press},
 address = {Piscataway, NJ, USA},
 keywords = {Unified modeling language,Semantics,Software,Labeling,Automata,Quality assurance,software product lines,Formal methods,model checking,verification,variability,features},
} 


@inproceedings{Gazzillo:2012,
 author = {Gazzillo, Paul and Grimm, Robert},
 title = {SuperC: Parsing All of C by Taming the Preprocessor},
 booktitle = {Proceedings of the 33rd ACM SIGPLAN Conference on Programming Language Design and Implementation},
 series = {PLDI '12},
 year = {2012},
 isbn = {978-1-4503-1205-9},
 location = {Beijing, China},
 pages = {323--334},
 numpages = {12},
 url = {http://doi.acm.org/10.1145/2254064.2254103},
 doi = {10.1145/2254064.2254103},
 acmid = {2254103},
 publisher = {ACM},
 address = {New York, NY, USA},
 keywords = {c, fork-merge lr parsing, lr parsing, preprocessor, superc},
} 

@inproceedings{Kastner:2011,
 author = {K\"{a}stner, Christian and Giarrusso, Paolo G. and Rendel, Tillmann and Erdweg, Sebastian and Ostermann, Klaus and Berger, Thorsten},
 title = {Variability-aware Parsing in the Presence of Lexical Macros and Conditional Compilation},
 booktitle = {Proceedings of the 2011 ACM International Conference on Object Oriented Programming Systems Languages and Applications},
 series = {OOPSLA '11},
 year = {2011},
 isbn = {978-1-4503-0940-0},
 location = {Portland, Oregon, USA},
 pages = {805--824},
 numpages = {20},
 url = {http://doi.acm.org/10.1145/2048066.2048128},
 doi = {10.1145/2048066.2048128},
 acmid = {2048128},
 publisher = {ACM},
 address = {New York, NY, USA},
 keywords = {\#ifdef, c, conditional compilation, linux, parsing, preprocessor, software product lines, variability},
} 

@article{Kastner:2012,
 author = {K\"{a}stner, Christian and Apel, Sven and Th\"{u}m, Thomas and Saake, Gunter},
 title = {Type Checking Annotation-based Product Lines},
 journal = {ACM Trans. Softw. Eng. Methodol.},
 issue_date = {June 2012},
 volume = {21},
 number = {3},
 month = jul,
 year = {2012},
 issn = {1049-331X},
 pages = {14:1--14:39},
 articleno = {14},
 numpages = {39},
 url = {http://doi.acm.org/10.1145/2211616.2211617},
 doi = {10.1145/2211616.2211617},
 acmid = {2211617},
 publisher = {ACM},
 address = {New York, NY, USA},
 keywords = {\#ifdef, CFJ, CIDE, Featherweight Java, conditional compilation, software product lines, type system},
} 

@inproceedings{Liebig:2013,
 author = {Liebig, J\"{o}rg and von Rhein, Alexander and K\"{a}stner, Christian and Apel, Sven and D\"{o}rre, Jens and Lengauer, Christian},
 title = {Scalable Analysis of Variable Software},
 booktitle = {Proceedings of the 2013 9th Joint Meeting on Foundations of Software Engineering},
 series = {ESEC/FSE 2013},
 year = {2013},
 isbn = {978-1-4503-2237-9},
 location = {Saint Petersburg, Russia},
 pages = {81--91},
 numpages = {11},
 url = {http://doi.acm.org/10.1145/2491411.2491437},
 doi = {10.1145/2491411.2491437},
 acmid = {2491437},
 publisher = {ACM},
 address = {New York, NY, USA},
 keywords = {C Preprocessor, Liveness Analysis, Software Product Lines, Type Checking, Variability-aware Analysis},
} 

@article{Midtgaard:2015,
 author = {Midtgaard, Jan and Dimovski, Aleksandar S. and Brabrand, Claus and W\k{a}sowski, Andrzej},
 title = {Systematic Derivation of Correct Variability-aware Program Analyses},
 journal = {Sci. Comput. Program.},
 issue_date = {July 2015},
 volume = {105},
 number = {C},
 month = jul,
 year = {2015},
 issn = {0167-6423},
 pages = {145--170},
 numpages = {26},
 url = {http://dx.doi.org/10.1016/j.scico.2015.04.005},
 doi = {10.1016/j.scico.2015.04.005},
 acmid = {2797555},
 publisher = {Elsevier North-Holland, Inc.},
 address = {Amsterdam, The Netherlands, The Netherlands},
 keywords = {Abstract interpretation, Software Product Lines, Software variability, Static analysis, Verification},
} 

@book{Pierce:2002,
 author = {Pierce, Benjamin C.},
 title = {Types and Programming Languages},
 year = {2002},
 isbn = {0262162091, 9780262162098},
 edition = {1st},
 publisher = {The MIT Press},
} 

@inproceedings{Reps:1995,
 author = {Reps, Thomas and Horwitz, Susan and Sagiv, Mooly},
 title = {Precise Interprocedural Dataflow Analysis via Graph Reachability},
 booktitle = {Proceedings of the 22Nd ACM SIGPLAN-SIGACT Symposium on Principles of Programming Languages},
 series = {POPL '95},
 year = {1995},
 isbn = {0-89791-692-1},
 location = {San Francisco, California, USA},
 pages = {49--61},
 numpages = {13},
 url = {http://doi.acm.org/10.1145/199448.199462},
 doi = {10.1145/199448.199462},
 acmid = {199462},
 publisher = {ACM},
 address = {New York, NY, USA},
} 

@inproceedings{Salay:2014,
 author = {Salay, Rick and Famelis, Michalis and Rubin, Julia and Di Sandro, Alessio and Chechik, Marsha},
 title = {Lifting Model Transformations to Product Lines},
 booktitle = {Proceedings of the 36th International Conference on Software Engineering},
 series = {ICSE 2014},
 year = {2014},
 isbn = {978-1-4503-2756-5},
 location = {Hyderabad, India},
 pages = {117--128},
 numpages = {12},
 url = {http://doi.acm.org/10.1145/2568225.2568267},
 doi = {10.1145/2568225.2568267},
 acmid = {2568267},
 publisher = {ACM},
 address = {New York, NY, USA},
 keywords = {Model Driven Engineering, Model Transformations, Software Product Lines},
} 

@online{SPLStrategies,
  title = {Analyses Strategies for Software Product Lines},
  url = {http://fosd.net/spl-strategies/}
}
@article{Thum:2014,
 author = {Th\"{u}m, Thomas and Apel, Sven and K\"{a}stner, Christian and Schaefer, Ina and Saake, Gunter},
 title = {A Classification and Survey of Analysis Strategies for Software Product Lines},
 journal = {ACM Comput. Surv.},
 issue_date = {July 2014},
 volume = {47},
 number = {1},
 month = jun,
 year = {2014},
 issn = {0360-0300},
 pages = {6:1--6:45},
 articleno = {6},
 numpages = {45},
 url = {http://doi.acm.org/10.1145/2580950},
 doi = {10.1145/2580950},
 acmid = {2580950},
 publisher = {ACM},
 address = {New York, NY, USA},
 keywords = {Product-line analysis, model checking, program family, software analysis, software product line, static analysis, theorem proving, type checking},
} 
