@inproceedings{Bodden:2013,
 author = {Bodden, Eric and Tol\^{e}do, T\'{a}rsis and Ribeiro, M\'{a}rcio and Brabrand, Claus and Borba, Paulo and Mezini, Mira},
 title = {SPLLIFT: Statically Analyzing Software Product Lines in Minutes Instead of Years},
 booktitle = {Proceedings of the 34th ACM SIGPLAN Conference on Programming Language Design and Implementation},
 series = {PLDI '13},
 year = {2013},
 isbn = {978-1-4503-2014-6},
 location = {Seattle, Washington, USA},
 pages = {355--364},
 numpages = {10},
 url = {http://doi.acm.org/10.1145/2491956.2491976},
 doi = {10.1145/2491956.2491976},
 acmid = {2491976},
 publisher = {ACM},
 address = {New York, NY, USA},
 keywords = {context sensitive, flow sensitive, inter-procedural static analysis, software product lines},
} 

@inproceedings{Classen:2010,
 author = {Classen, Andreas and Heymans, Patrick and Schobbens, Pierre-Yves and Legay, Axel and Raskin, Jean-Fran\c{c}ois},
 title = {Model Checking Lots of Systems: Efficient Verification of Temporal Properties in Software Product Lines},
 booktitle = {Proceedings of the 32Nd ACM/IEEE International Conference on Software Engineering - Volume 1},
 series = {ICSE '10},
 year = {2010},
 isbn = {978-1-60558-719-6},
 location = {Cape Town, South Africa},
 pages = {335--344},
 numpages = {10},
 url = {http://doi.acm.org/10.1145/1806799.1806850},
 doi = {10.1145/1806799.1806850},
 acmid = {1806850},
 publisher = {ACM},
 address = {New York, NY, USA},
 keywords = {features, software product lines, specification},
} 

@inproceedings{Gazzillo:2012,
 author = {Gazzillo, Paul and Grimm, Robert},
 title = {SuperC: Parsing All of C by Taming the Preprocessor},
 booktitle = {Proceedings of the 33rd ACM SIGPLAN Conference on Programming Language Design and Implementation},
 series = {PLDI '12},
 year = {2012},
 isbn = {978-1-4503-1205-9},
 location = {Beijing, China},
 pages = {323--334},
 numpages = {12},
 url = {http://doi.acm.org/10.1145/2254064.2254103},
 doi = {10.1145/2254064.2254103},
 acmid = {2254103},
 publisher = {ACM},
 address = {New York, NY, USA},
 keywords = {c, fork-merge lr parsing, lr parsing, preprocessor, superc},
} 

@inproceedings{Kastner:2011,
 author = {K\"{a}stner, Christian and Giarrusso, Paolo G. and Rendel, Tillmann and Erdweg, Sebastian and Ostermann, Klaus and Berger, Thorsten},
 title = {Variability-aware Parsing in the Presence of Lexical Macros and Conditional Compilation},
 booktitle = {Proceedings of the 2011 ACM International Conference on Object Oriented Programming Systems Languages and Applications},
 series = {OOPSLA '11},
 year = {2011},
 isbn = {978-1-4503-0940-0},
 location = {Portland, Oregon, USA},
 pages = {805--824},
 numpages = {20},
 url = {http://doi.acm.org/10.1145/2048066.2048128},
 doi = {10.1145/2048066.2048128},
 acmid = {2048128},
 publisher = {ACM},
 address = {New York, NY, USA},
 keywords = {\#ifdef, c, conditional compilation, linux, parsing, preprocessor, software product lines, variability},
} 

@book{Pierce:2002,
 author = {Pierce, Benjamin C.},
 title = {Types and Programming Languages},
 year = {2002},
 isbn = {0262162091, 9780262162098},
 edition = {1st},
 publisher = {The MIT Press},
} 

@inproceedings{Salay:2014,
 author = {Salay, Rick and Famelis, Michalis and Rubin, Julia and Di Sandro, Alessio and Chechik, Marsha},
 title = {Lifting Model Transformations to Product Lines},
 booktitle = {Proceedings of the 36th International Conference on Software Engineering},
 series = {ICSE 2014},
 year = {2014},
 isbn = {978-1-4503-2756-5},
 location = {Hyderabad, India},
 pages = {117--128},
 numpages = {12},
 url = {http://doi.acm.org/10.1145/2568225.2568267},
 doi = {10.1145/2568225.2568267},
 acmid = {2568267},
 publisher = {ACM},
 address = {New York, NY, USA},
 keywords = {Model Driven Engineering, Model Transformations, Software Product Lines},
} 

@online{SPLStrategies,
  title = {Analyses Strategies for Software Product Lines},
  url = {http://fosd.net/spl-strategies/}
}
@article{Thum:2014,
 author = {Th\"{u}m, Thomas and Apel, Sven and K\"{a}stner, Christian and Schaefer, Ina and Saake, Gunter},
 title = {A Classification and Survey of Analysis Strategies for Software Product Lines},
 journal = {ACM Comput. Surv.},
 issue_date = {July 2014},
 volume = {47},
 number = {1},
 month = jun,
 year = {2014},
 issn = {0360-0300},
 pages = {6:1--6:45},
 articleno = {6},
 numpages = {45},
 url = {http://doi.acm.org/10.1145/2580950},
 doi = {10.1145/2580950},
 acmid = {2580950},
 publisher = {ACM},
 address = {New York, NY, USA},
 keywords = {Product-line analysis, model checking, program family, software analysis, software product line, static analysis, theorem proving, type checking},
} 
